@book{kale1993charm++,
	title={CHARM++: a portable concurrent object oriented system based on C++},
	author={Kale, Laxmikant V and Krishnan, Sanjeev},
	volume={28},
	number={10},
	year={1993},
	publisher={ACM}
}

@book{ansel2009petabricks,
	title={PetaBricks: a language and compiler for algorithmic choice},
	author={Ansel, Jason and Chan, Cy and Wong, Yee Lok and Olszewski, Marek and Zhao, Qin and Edelman, Alan and Amarasinghe, Saman},
	volume={44},
	number={6},
	year={2009},
	publisher={ACM}
}

@inproceedings{ansel2014opentuner,
	title={Opentuner: An extensible framework for program autotuning},
	author={Ansel, Jason and Kamil, Shoaib and Veeramachaneni, Kalyan and Ragan-Kelley, Jonathan and Bosboom, Jeffrey and O'Reilly, Una-May and Amarasinghe, Saman},
	booktitle={Proceedings of the 23rd international conference on Parallel architectures and compilation},
	pages={303--316},
	year={2014},
	organization={ACM}
}

@article{tiwari2011auto,
	title={Auto-tuning full applications: A case study},
	author={Tiwari, Ananta and Hollingsworth, Jeffrey K and Chen, Chun and Hall, Mary and Liao, Chunhua and Quinlan, Daniel J and Chame, Jacqueline},
	journal={International Journal of High Performance Computing Applications},
	pages={1094342011414744},
	year={2011},
	publisher={SAGE Publications}
}

@incollection{kocsis2006rspsa,
	title={RSPSA: enhanced parameter optimization in games},
	author={Kocsis, Levente and Szepesv{\'a}ri, Csaba and Winands, Mark HM},
	booktitle={Advances in Computer Games},
	pages={39--56},
	year={2006},
	publisher={Springer}
}

@inproceedings{schrum2011ut,
	title={UT‚ÅÅ 2: Human-like behavior via neuroevolution of combat behavior and replay of human traces},
	author={Schrum, Jacob and Karpov, Igor V and Miikkulainen, Risto},
	booktitle={Computational Intelligence and Games (CIG), 2011 IEEE Conference on},
	pages={329--336},
	year={2011},
	organization={IEEE}
}

@incollection{karpov2012believable,
	title={Believable bot navigation via playback of human traces},
	author={Karpov, Igor V and Schrum, Jacob and Miikkulainen, Risto},
	booktitle={Believable Bots},
	pages={151--170},
	year={2012},
	publisher={Springer}
}

@article{jin2002framework,
	title={A framework for evolutionary optimization with approximate fitness functions},
	author={Jin, Yaochu and Olhofer, Markus and Sendhoff, Bernhard},
	journal={Evolutionary Computation, IEEE Transactions on},
	volume={6},
	number={5},
	pages={481--494},
	year={2002},
	publisher={IEEE}
}

@article{hoos2012programming,
	title={Programming by optimization},
	author={Hoos, Holger H},
	journal={Communications of the ACM},
	volume={55},
	number={2},
	pages={70--80},
	year={2012},
	publisher={ACM}
}

@article{fialho2010analyzing,
	title={Analyzing bandit-based adaptive operator selection mechanisms},
	author={Fialho, {\'A}lvaro and Da Costa, Luis and Schoenauer, Marc and Sebag, Michele},
	journal={Annals of Mathematics and Artificial Intelligence},
	volume={60},
	number={1-2},
	pages={25--64},
	year={2010},
	publisher={Springer}
}